@online{
    bib:Ackerman2019,
    author = {Ackerman, Gwen},
    editor = {Zivitz, Noah},
    title = {Robot Sings {E}urovision Kitsch Composed by {O}racle {AI}, {I}sraelis},
    date = {2019-05-16},
    journaltitle = {BNN Bloomberg},
    organization = {BNN Bloomberg},
    location = {Toronto},
    url = {http://bnnbloomberg.ca/robot-sings-eurovision-kitsch-composed-by-oracle-ai-israelis-1.1259853},
    urldate = {2020-12-23}
}

@misc{
    bib:AM,
    author = {{{A}ll{M}usic}},
    title = {Record Reviews, Streaming Songs, Genres \& Bands},
    year = {2020},
    month = {12},
    organization = {NETAKTION},
    location = {Ann Arbor},
    howpublished = {Web page},
    url = {http://allmusic.com/},
    urldate = {2020-12-20}
}

@inproceedings{
    bib:Bergstra2013,
    author = {Bergstra, James and Yamins, Daniel and Cox, David Daniel},
    editor = {Dasgupta, Sanjoy and McAllester, David},
    title = {Making a Science of Model Search: Hyperparameter Optimization in Hundreds of Dimensions for Vision Architectures},
    pages = {115-123},
    date = {2013-06-16},
    booktitle = {Proceedings of the \ensuremath{30}\textsuperscript{th} International Conference on International Conference on Machine Learning},
    organization = {International Machine Learning Society},
    location = {Atlanta},
    doi = {10.5555/3042817.3042832}
}

%

@inproceedings{
    bib:Bertin2011,
    author = {Bertin-Mahieux, Thierry and Ellis, Daniel P. W. and Whitman, Brian and Lamere, Paul},
    editor = {Klaupuri, Anssi and Leider, Colby},
    title = {The Million Song Dataset},
    pages = {591-596},
    year = {2011},
    month = {10},
    booktitle = {Proceedings of the \ensuremath{12}\textsuperscript{th} International Conference on Music Information
	Retrieval},
    organization = {International Society for Music Information Retrieval},
    location = {Miami},
    isbn = {978-0-6155-4865-4}
}

@misc{
    bib:CIAFB,
    author = {{{CIA}}},
    title = {The World Factbook},
    year = {2021},
    month = {04},
    organization = {The Federal Government of the {U}nited {S}tates},
    location = {Langley},
    howpublished = {Web page},
    url = {http://cia.gov/the-world-factbook},
    urldate = {2021-04-17}
}

@misc{
    bib:Cossar2019,
    author = {Cossar, Neil},
    title = {\ensuremath{50} Best Selling Studio Albums},
    date = {2019-07-01},
    organization = {This Day in Music},
    location = {Prestatyn},
    howpublished = {Web page},
    url = {http://thisdayinmusic.com/liner-notes/50-best-selling-studio-albums},
    urldate = {2020-08-18}
}

@inproceedings{
    bib:Dielman2011,
    author = {Dielman, Sander and Brakel, Phil\'{e}mon and Schrauwen, Benjamin},
    editor = {Klaupuri, Anssi and Leider, Colby},
    title = {Audio-Based Music Classification with a Pretrained Convolutional Network},
    pages = {669-674},
    year = {2011},
    month = {10},
    booktitle = {Proceedings of the \ensuremath{12}\textsuperscript{th} International Conference on Music Information
	Retrieval},
    organization = {International Society for Music Information Retrieval},
    location = {Miami},
    isbn = {978-0-6155-4865-4}
}

@online{
    bib:Drake2019,
    author = {Drake, James and Abel, John},
    title = {{B}lue {J}eans and {B}loody {T}ears},
    date = {2019-05-16},
    location = {Redwood City},
    url = {http://blogs.oracle.com/uki/blue-jeans-and-bloody-tears},
    urldate = {2020-12-23}
}

@online{
    bib:ESC2020,
    author = {{{E}urovision Song Contest}},
    title = {{R}otterdam \ensuremath{2020}},
    year = {2020},
    organization = {European Broadcasting Union},
    Location = {Geneva},
    url = {http://eurovision.tv/event/rotterdam-2020},
    urldate = {2020-12-15}
}

@online{
    bib:ESCAI2020,
    author = {{{E}urovision Song Contest}},
    title = {Introducing the {AI} Song Contest!},
    date = {2020-05-11},
    organization = {European Broadcasting Union},
    Location = {Geneva},
    url = {http://eurovision.tv/story/introducing-the-ai-song-contest},
    urldate = {2020-12-23}
}

@misc{
    bib:EUEV,
    author = {{Publications Office of the {E}uropean {U}nion}},
    title = {{EuroVoc}},
    year = {2021},
    month = {04},
    organization = {European Civil Service},
    location = {Luxembourg},
    howpublished = {Web page},
    url = {http://op.europa.eu/en/web/eu-vocabularies},
    urldate = {2021-04-17}
}

@misc{
    bib:EVWScores,
    author = {{Eurovisionworld}},
    title = {{E}urovision Voting \& Points},
    year = {2020},
    organization = {Eurovisionworld},
    howpublished = {Web page},
    url = {http://eurovisionworld.com/eurovision},
    urldate = {2020-12-15}
}

@online{
    bib:Fagella2019,
    author = {Fagella, Daniel},
    title = {{AI} in Taste and Art -- The Current State of Machine Learning for Understanding Preferences},
    date = {2019-01-29},
    organization = {Emerj},
    Location = {Boston},
    url = {http://emerj.com/editorial-opinion/ai-taste-art-current-state-machine-learning-understanding-preferences},
    urldate = {2020-12-22}
}

@misc{
    bib:Flecht2020,
    author = {Flecht, Markus},
    title = {{E}urovision {S}ong {C}ontest Database},
    year = {2020},
    location = {KÃ¶ln},
    howpublished = {Web page},
    url = {http://eschome.net/},
    urldate = {2020-12-15}
}

@misc{
    bib:GR,
    author = {{Goodreads}},
    title = {Meet Your Next Favorite Book},
    year = {2020},
    month = {12},
    organization = {Amazon},
    location = {San Francisco},
    howpublished = {Web page},
    url = {http://goodreads.com/},
    urldate = {2020-12-20}
}

@inproceedings{
    bib:Hamel2010,
    author = {Hamel, Philippe and Eck, Douglas},
    editor = {Downie, John Stephen and Veltkamp, Remco C.},
    title = {Learning Features from Music Audio with Deep Belief Networks},
    pages = {339-344},
    year = {2010},
    month = {08},
    booktitle = {Proceedings of the \ensuremath{11}\textsuperscript{th} International Society for Music Information Retrieval Conference},
    organization = {International Society for Music Information Retrieval},
    location = {Utrecht},
    isbn = {978-9-0393-5381-3}
}

@inproceedings{
    bib:Hoffman2009,
    author = {Hoffman, Matthew Douglas and Blei, David Meir and Cook, Perry R.},
    editor = {Hirata, Keiji and Tzanetakis, George and Yoshii, Kazuyoshi},
    title = {Easy as {CBA}: A Simple Probabilistic Model for Tagging Music},
    pages = {369-374},
    year = {2009},
    month = {10},
    booktitle = {Proceedings of the \ensuremath{10}\textsuperscript{th} International Society for Music Information Retrieval Conference},
    organization = {International Society for Music Information Retrieval},
    location = {Kobe},
    isbn = {978-0-9813-5370-8}
}

@misc{
    bib:IMDb,
    author = {{{IMDb}}},
    title = {Ratings, Reviews, and Where to Watch the Best Movies \& {TV} Shows},
    year = {2020},
    month = {12},
    organization = {Amazon},
    location = {Seattle},
    howpublished = {Web page},
    url = {http://imdb.com/},
    urldate = {2020-12-20}
}

@inproceedings{
    bib:Lee2009,
    author = {Lee, Honglak and Largman, Yan and Pham, Peter T. and Ng, Andrew Yan-Tak},
    editor = {Bengio, Yoshua and Schuurmans, Dale and Lafferty, John D. and Williams, Christopher Kenneth Ingle and Culotta, Aron},
    title = {Unsupervised Feature Learning for Audio Classification Using Convolutional Deep Belief Networks},
    pages = {1096-1104},
    year = {2009},
    month = {12},
    volume = {22},
    booktitle = {Proceedings of the \ensuremath{23}\textsuperscript{rd} Annual Conference on Neural Information Processing Systems},
    organization = {Neural Information Processing Systems},
    publisher = {Curran Associates, Inc.},
    location = {Vancouver},
    isbn = {978-1-6156-7911-9}
}

@inproceedings{
    bib:Lu2014,
    author = {Lu, Xin and Lin, Zhe and Jin, Hailin and Yang, Jianchao and Ze Wang, James},
    editor = {Hua, Kien A. and Rui, Yong and Steinmetz, Ralf and Hanjalic, Alan and Natsev, Apostol (Paul) and Zhu, Wenwu},
    title = {{RAPID}: Rating Pictorial Aesthetics Using Deep Learning},
    pages = {457-466},
    year = {2014},
    month = {11},
    booktitle = {Proceedings of the \ensuremath{22}\textsuperscript{nd} {ACM} International Conference on Multimedia},
    organization = {Association for Computing Machinery},
    location = {Orlando},
    isbn = {978-1-4503-3063-3}
}

@misc{
    bib:Malu2017,
    author = {Malu, Gautam and Sarampudi Bapi, Raju and Indurkhya, Bipin},
    title = {Learning Photography Aesthetics with Deep {CNN}s},
    date = {2017-07-13},
    eprint = {1707.03981},
    eprinttype = {arXiv},
    eprintclass = {cs.CV},
    urldate = {2012-12-22}
}

@inproceedings{
    bib:Manaris2007,
    author = {Manaris, Bill and Roos, Patrick and Machado, Penousal and Krehbiel, Dwight and Pellicoro, Luca and Romero, Juan},
    editor = {Holte, Robert C. and Howe, Adele},
    title = {A Corpus-Based Hybrid Approach to Music Analysis and Composition},
    pages = {839-845},
    year = {2007},
    month = {07},
    booktitle = {Proceedings of the \ensuremath{22}\textsuperscript{nd} {AAAI} Conference on Artificial Intelligence},
    organization = {Association for the Advancement of Artificial Intelligence},
    publisher = {AAAI Press},
    location = {Vancouver},
    isbn = {978-1-5773-5323-2}
}

@inproceedings{
    bib:McFee2012,
    author = {McFee, Brian and Bertin-Mahieux, Thierry and Ellis, Daniel P. W. and Lanckriet, Gert R. G.},
    editor = {Mille, Alain and Gandon, Fabien and Misselis, Jacques and Rabinovich, Michael and Staab, Steffen},
    %editor = {Egyed-Zsigmond, El\"{o}d and Mascret, Bruno and Misenberger, Klaus and Harper, Simon},
    title = {The Million Song Dataset Challenge},
    pages = {909-916},
    year = {2012},
    month = {04},
    booktitle = {Proceedings of the \ensuremath{21}\textsuperscript{st} International Conference on {W}orld {W}ide {W}eb},
    organization = {Association for Computing Machinery},
    location = {Lyon},
    isbn = {978-1-4503-1230-1}
}

@inproceedings{
    bib:McFee2015,
    author = {McFee, Brian and Raffel, Colin and Liang, Daniel and Ellis P. W., Daniel and McVicar, Matt and Battenberg, Eric and Nieto, Oriol},
    editor = {Huff, Kathryn and Bergstra, James},
    title = {{libROSA}: Audio and Music Signal Analysis in {P}ython},
    pages = {18-24},
    year = {2015},
    month = {07},
    booktitle = {Proceedings of the \ensuremath{14}\textsuperscript{th} {P}ython in Science Conference},
    organization = {SciPy},
    location = {Austin}
}

@misc{
    bib:Okhuijsen2019,
    author = {Okhuijsen, Stephan},
    title = {{E}urovision {S}ong {C}ontest Scores \ensuremath{1975}--\ensuremath{2019}},
    date = {2019-05-19},
    publisher = {data.world},
    organization = {Datagraver},
    location = {Utrecht},
    howpublished = {Web page},
    url = {http://data.world/datagraver/eurovision-song-contest-scores-1975-2019},
    urldate = {2020-08-19}
}

@inproceedings{
    bib:Oord2013,
    author = {van den Oord, A\"{a}ron and Dieleman, Sander and Schrauwen, Benjamin},
    editor = {Burges, Christopher J. C. and Bottou, L\'{e}on and Welling, Max and Ghahramani, Zoubin and Weinberger, Kilian Q.},
    title = {Deep Content-Based Music Recommendation},
    pages = {2643-2651},
    year = {2013},
    month = {12},
    volume = {26},
    booktitle = {Proceedings of the \ensuremath{27}\textsuperscript{th} Annual Conference on Neural Information Processing Systems},
    organization = {Neural Information Processing Systems},
    publisher = {Curran Associates, Inc.},
    location = {Lake Tahoe},
    isbn = {978-1-6326-6024-4}
}

@inproceedings{
    bib:Pons2018,
    author = {Pons, Jordi and Nieto, Oriol and Prockup, Matthew and Schmidt, Erik M. and Ehmann, Andreas F. and Serra, Xavier},
    editor = {G\'{o}mez, Emilia and Hu, Xiao and Humphrey, Eric and Benetos, Emmanouil},
    title = {End-to-End Learning for Music Audio Tagging at Scale},
    pages = {637-644},
    year = {2018},
    month = {09},
    booktitle = {Proceedings of the \ensuremath{19}\textsuperscript{th} International Society for Music Information Retrieval Conference},
    organization = {International Society for Music Information Retrieval},
    location = {Paris},
    isbn = {978-2-9540-3512-3}
}

@inproceedings{
    bib:Pons2019,
    author = {Pons, Jordi and Serra, Xavier},
    editor = {Flexer, Arthur and Peeters, Geoffroy and Urbano, Juli\'{a}n and Volk, Anja},
    title = {{musicnn}: Pretrained Convolutional Neural Networks for Music Audio Tagging},
    year = {2019},
    month = {11},
    booktitle = {Proceedings of the \ensuremath{20}\textsuperscript{th} International Society for Music Information Retrieval Conference},
	booktitleaddon = {Late-Breaking/Demo},
    organization = {International Society for Music Information Retrieval},
    location = {Delft},
    isbn = {978-1-7327-2991-9}
}

@online{
    bib:Roza2019,
    author = {Roza, Felp},
    title = {Artificial Artist: Can Artificial Intelligence create art?},
    date = {2019-05-13},
    organization = {Towards Data Science},
    Location = {Toronto},
    url = {http://towardsdatascience.com/artificial-artist-can-artificial-intelligence-create-art-d7dd6ed98270},
    urldate = {2020-12-22}
}

@misc{
    bib:RT,
    author = {{{R}otten {T}omatoes}},
    title = {Movies | {TV} Shows | Movie Trailers | Reviews},
    year = {2020},
    month = {12},
    organization = {Fandango Media},
    location = {Beverly Hills},
    howpublished = {Web page},
    url = {http://rottentomatoes.com/},
    urldate = {2020-12-20}
}

@online{
    bib:Shapira2019,
    author = {Shapira, Nimrod},
    title = {{O}racle Presents: a {E}urovision {AI} Song \emph{{B}lue {J}eans \& {B}loody {T}ears}},
    year = {2019},
    location = {Avigdor},
    url = {http://nimshap.com/ai_eurovision},
    urldate = {2020-12-23}
}

@misc{
    bib:Statista2021,
    author = {{Statista}},
    title = {Global Recorded Music Revenue from \ensuremath{1999} to \ensuremath{2019}},
    year = {2021},
    month = {01},
    organization = {Str\"{o}er},
    location = {Hamburg},
    howpublished = {Web page},
    url = {http://statista.com/statistics/272305/global-revenue-of-the-music-industry},
    urldate = {2021-02-20}
}

@book{
    bib:Sikic2013,
    author = {\v{S}iki\'{c}, Zvonimir and \v{S}\'{c}eki\'{c}, Zoran},
    sortname = {Szziki\'{c}, Zvonimir and Szzz\'{c}eki\'{c}, Zoran},
    editor = {\v{Z}deri\'{c}, Ivana},
    title = {Matematika i muzika},
    language = {Croatian},
    month = {02},
    year = {2013},
    edition = {1},
    publisher = {Profil},
    location = {Zagreb},
    isbn = {9789531204194}
}

@online{
    bib:Vincent2019,
    author = {Vincent, Alice},
    editor = {Evans, Chris},
    title = {{L}isztomania: the \ensuremath{19}\textsuperscript{th}-Century Pop Phenomenon that Made {B}eatlemania Look Tame},
    date = {2019-01-16},
    journaltitle = {The Telegraph},
    organization = {The Telegraph},
    location = {London},
    url = {http://telegraph.co.uk/music/artists/lisztomania-19th-century-pop-phenomenon-made-beatlemania-look},
    urldate = {2020-08-17}
}

@misc{
    bib:VPROAI2020,
    author = {{{VPRO}}},
    title = {The {AI} Song Contest},
    year = {2020},
    organization = {VPRO},
    location = {Hilversum},
    howpublished = {Web page},
    url = {http://vprobroadcast.com/titles/ai-songcontest.html},
    urldate = {2020-12-23}
}

@online{
    bib:VPROAIWin2020,
    author = {{{VPRO}}},
    title = {Australia wins Artificial Intelligence Song Contest},
    date = {2020-05-12},
    organization = {VPRO},
    location = {Hilversum},
    url = {http://vprobroadcast.com/titles/ai-songcontest/articles/australia-wins-ai-song-contest.html},
    urldate = {2020-12-23}
}

@misc{
    bib:UKTop100,
    author = {{Official Charts}},
    title = {Official Singles Chart Top \ensuremath{100}},
    year = {2020},
    month = {08},
    organization = {Official Charts Company},
    location = {London},
    howpublished = {Web page},
    url = {http://officialcharts.com/charts/singles-chart},
    urldate = {2020-08-17}
}

@misc{
    bib:YTESC,
    author = {{{E}urovision Song Contest}},
    title = {{E}urovision Song Contest},
    year = {2020},
    month = {10},
    organization = {European Broadcasting Union},
    location = {Geneva},
    howpublished = {Web page},
    url = {http://youtube.com/user/eurovision},
    urldate = {2020-12-21}
}

@misc{
    bib:YTTrend,
    author = {{{Y}ou{T}ube}},
    title = {Trending},
    year = {2020},
    month = {08},
    organization = {Google},
    location = {San Bruno},
    howpublished = {Web page},
    url = {http://youtube.com/feed/trending},
    urldate = {2020-08-17}
}

@misc{
    bib:Zeiler2012,
    author = {Zeiler, Matthew D.},
    title = {ADADELTA: An Adaptive Learning Rate Method},
    date = {2012-12-22},
    eprint = {1212.5701},
    eprinttype = {arXiv},
    eprintclass = {cs.LG},
    urldate = {2022-05-02}
}
